<?xml version="1.0" encoding="UTF-8"?><record xmlns="http://www.loc.gov/MARC21/slim" xmlns:cinclude="http://apache.org/cocoon/include/1.0" xmlns:zs="http://www.loc.gov/zing/srw/">
  <leader>00362nz  a2200121n  4500</leader>
  <controlfield tag="001">no 92024461 </controlfield>
  <controlfield tag="003">DLC</controlfield>
  <controlfield tag="005">19921008133656.7</controlfield>
  <controlfield tag="008">921002n| acannaab|          |n aaa     c</controlfield>
  <datafield tag="010" ind1=" " ind2=" ">
    <subfield code="a">no 92024461 </subfield>
  </datafield>
  <datafield tag="040" ind1=" " ind2=" ">
    <subfield code="a">InU</subfield>
    <subfield code="c">InU</subfield>
  </datafield>
  <datafield tag="100" ind1="1" ind2="0">
    <subfield code="a">Mariere, Efe Jereton</subfield>
  </datafield>
  <datafield tag="670" ind1=" " ind2=" ">
    <subfield code="a">E味bo味ho味n, O味. Life and works of a high priest of African religion, 1989:</subfield>
    <subfield code="b">t.p. (Efe Jereton Mariere)</subfield>
  </datafield>
</record>